<record><leader>00000cas a2200000 a 4500</leader><controlfield tag="001">53017022</controlfield><controlfield tag="006">m     q  d        </controlfield><controlfield tag="007">co ugu||||||||</controlfield><controlfield tag="008">030912d18511866oruuu nsq     0    0eng  </controlfield><datafield ind1=" " ind2=" " tag="010"><subfield code="a">  2003204364</subfield></datafield><datafield ind1=" " ind2=" " tag="040"><subfield code="a">DLC</subfield><subfield code="b">eng</subfield><subfield code="c">DLC</subfield><subfield code="d">OCLCQ</subfield><subfield code="d">OCLCF</subfield><subfield code="d">OCLCO</subfield></datafield><datafield ind1=" " ind2=" " tag="042"><subfield code="a">pcc</subfield></datafield><datafield ind1=" " ind2=" " tag="043"><subfield code="a">n-us-or</subfield></datafield><datafield ind1="0" ind2="0" tag="050"><subfield code="a">Newspaper</subfield></datafield><datafield ind1="0" ind2=" " tag="130"><subfield code="a">Oregon statesman (Oregon City, Or. : CD-ROM)</subfield></datafield><datafield ind1="1" ind2="0" tag="245"><subfield code="a">Oregon statesman</subfield><subfield code="h">[electronic resource].</subfield></datafield><datafield ind1=" " ind2=" " tag="260"><subfield code="a">Portland, Or. :</subfield><subfield code="b">Oregon Heritage Press,</subfield><subfield code="c">c1999-</subfield></datafield><datafield ind1=" " ind2=" " tag="300"><subfield code="a">CD-ROMs ;</subfield><subfield code="c">4 3/4 in.</subfield></datafield><datafield ind1="0" ind2=" " tag="362"><subfield code="a">Mar. 28, 1851/Dec. 24, 1866)-</subfield></datafield><datafield ind1="1" ind2=" " tag="362"><subfield code="a">Original ceased with v. 16, no. 43 (Dec. 24, 1866).</subfield></datafield><datafield ind1="1" ind2=" " tag="490"><subfield code="a">Newspapers on CD</subfield></datafield><datafield ind1=" " ind2=" " tag="500"><subfield code="a">Title from disc label.</subfield></datafield><datafield ind1=" " ind2=" " tag="500"><subfield code="a">Contains scanned images of the print.</subfield></datafield><datafield ind1=" " ind2=" " tag="530"><subfield code="a">Also issued in print and on microfilm from Micro Photo Div., Bell &amp; Howell Co.; Oregon Historical Society; and: University of Oregon.</subfield></datafield><datafield ind1=" " ind2=" " tag="538"><subfield code="a">System requirements for Windows: Windows 3.1 with graphics software that will read TIFF, Group 4, images; Windows 95 or 98 with CD-ROM drive.</subfield></datafield><datafield ind1=" " ind2="0" tag="651"><subfield code="a">Oregon City (Or.)</subfield><subfield code="v">Newspapers.</subfield></datafield><datafield ind1=" " ind2="0" tag="651"><subfield code="a">Salem (Or.)</subfield><subfield code="v">Newspapers.</subfield></datafield><datafield ind1=" " ind2="0" tag="651"><subfield code="a">Corvallis (Or.)</subfield><subfield code="v">Newspapers.</subfield></datafield><datafield ind1=" " ind2="7" tag="655"><subfield code="a">Newspapers.</subfield><subfield code="2">fast</subfield><subfield code="0">(OCoLC)fst01423814</subfield></datafield><datafield ind1=" " ind2="7" tag="651"><subfield code="a">Oregon</subfield><subfield code="z">Corvallis.</subfield><subfield code="2">fast</subfield><subfield code="0">(OCoLC)fst01205176</subfield></datafield><datafield ind1=" " ind2="7" tag="651"><subfield code="a">Oregon</subfield><subfield code="z">Oregon City.</subfield><subfield code="2">fast</subfield><subfield code="0">(OCoLC)fst01221350</subfield></datafield><datafield ind1=" " ind2="7" tag="651"><subfield code="a">Oregon</subfield><subfield code="z">Salem.</subfield><subfield code="2">fast</subfield><subfield code="0">(OCoLC)fst01202924</subfield></datafield><datafield ind1=" " ind2=" " tag="752"><subfield code="a">United States</subfield><subfield code="b">Oregon Territory</subfield><subfield code="d">Oregon City.</subfield></datafield><datafield ind1=" " ind2=" " tag="752"><subfield code="a">United States</subfield><subfield code="b">Oregon Territory</subfield><subfield code="d">Salem.</subfield></datafield><datafield ind1=" " ind2=" " tag="752"><subfield code="a">United States</subfield><subfield code="b">Oregon Territory</subfield><subfield code="d">Corvallis.</subfield></datafield><datafield ind1="1" ind2=" " tag="776"><subfield code="t">Oregon Statesman (Oregon City, Or.)</subfield><subfield code="w">(DLC)sn 83025131</subfield><subfield code="w">(OCoLC)9270643</subfield></datafield><datafield ind1=" " ind2="0" tag="830"><subfield code="a">Newspapers on CD.</subfield></datafield><datafield ind1=" " ind2=" " tag="850"><subfield code="a">DLC</subfield></datafield></record>